<?xml version="1.0" encoding="UTF-8"?><collection xmlns="http://www.loc.gov/MARC21/slim"><record><leader>00772nam--2200169-u-4500</leader><controlfield tag="001">000051671</controlfield><controlfield tag="002">20161230</controlfield><controlfield tag="005">20161230201049</controlfield><controlfield tag="008">080818s1000------------r-----000-0-eng-d</controlfield><datafield ind1=" " ind2=" " tag="040"><subfield code="a">IFIN-HH</subfield></datafield><datafield ind1="1" ind2=" " tag="100"><subfield code="a">Bourbaki, N</subfield></datafield><datafield ind1="1" ind2="0" tag="245"><subfield code="a">Elements de mathematique XII Premeire partie Les Strucutres fondamentales de l'analyse Livre IV Fonctions d'une variable reelle (theorie elementaire) Chapitre IV Equations differentielles Chapitre V Etude locale des fonctions Chapitre VI Developpements tayloriens generalises Formule sommatoire d'Euler-Maclaurin Chapitre VII la Fonction Gamma</subfield></datafield><datafield ind1=" " ind2=" " tag="260"><subfield code="a">Paris</subfield><subfield code="b">Hermann &amp;cie, Editeurs</subfield><subfield code="c">1951</subfield></datafield><datafield ind1=" " ind2=" " tag="300"><subfield code="a">200 p</subfield></datafield><datafield ind1=" " ind2=" " tag="490"><subfield code="a">Actualites scientifiques et industrielles</subfield><subfield code="v">vol. 1132</subfield></datafield><datafield ind1=" " ind2=" " tag="852"><subfield code="a">10661</subfield><subfield code="c">517.53</subfield></datafield><datafield ind1=" " ind2=" " tag="CAT"><subfield code="a">Sys</subfield><subfield code="c">20080818</subfield><subfield code="h">100458</subfield></datafield></record></collection>